<?xml version="1.0" encoding="UTF-8"?><collection xmlns="http://www.loc.gov/MARC21/slim"><record><leader>00361nam--2200133-i-4500</leader><controlfield tag="001">000002458</controlfield><controlfield tag="002">20161230</controlfield><controlfield tag="005">20161230201025</controlfield><controlfield tag="008">060222s1000------------r-----000-0-eng-d</controlfield><datafield ind1=" " ind2=" " tag="080"><subfield code="a">621.396</subfield></datafield><datafield ind1=" " ind2=" " tag="100"><subfield code="a">Fink, Donald G</subfield></datafield><datafield ind1=" " ind2=" " tag="245"><subfield code="a">Radar engineering. first edition</subfield></datafield><datafield ind1=" " ind2=" " tag="260"><subfield code="a">New York And London, Mcgraw-hill Book, 1947. Xii + 644 P. Cu Ilustrate</subfield></datafield><datafield ind1=" " ind2=" " tag="852"><subfield code="a">3226</subfield></datafield></record></collection>